@article{Shaheen2016,
   author = {Susan Shaheen and Nelson Chan},
   doi = {10.2148/benv.42.4.573},
   issn = {02637960},
   issue = {4},
   journal = {Built Environment},
   pages = {573-588},
   publisher = {Alexandrine Press},
   title = {Mobility and the sharing economy: Potential to facilitate the first-and last-mile public transit connections},
   volume = {42},
   year = {2016},
}
@inproceedings{gurumurthy2020,
   author = {Krishna Murthy Gurumurthy and Kara M Kockelman and Natalia Zuniga-Garcia},
   city = {Washington, D.C.},
   journal = {Transportation Research Board Annual Meeting},
   keywords = {Austin,First-mile-last-mile,Texas,autonomous vehicles,public transportation,shared mobility,transit demand},
   title = {FIRST-MILE-LAST-MILE COLLECTOR-DISTRIBUTOR SYSTEM USING SHARED AUTONOMOUS MOBILITY},
   year = {2020},
}
@article{Deakin2010,
   author = {Elizabeth Deakin and Karen Trapenberg Frick and Kevin M. Shively},
   doi = {10.3141/2187-17},
   issn = {03611981},
   issue = {2187},
   journal = {Transportation Research Record},
   month = {12},
   pages = {131-137},
   title = {Markets for dynamic ridesharing?},
   year = {2010},
}

@techreport{Kang2020,
   author = {Sanggyun Kang and Shima Hamidi},
   institution = {Center for Transportation Equity, Decisions and Dollars (CTEDD)},
   keywords = {Job Access,Modal Mismatch,Transit},
   title = {On-Demand Microtransit for Better Transit Station and Job Accessibility},
   year = {2020},
}
@article{etminani2019,
    author = {Roya Etminani-Ghasrodashti and Shima Hamidi},
   doi = {10.3390/su11205755},
   issn = {2071-1050},
   issue = {20},
   journal = {Sustainability},
   keywords = {Attitudes,Land use,On-demand Transportation,Ride-hailing,Travel mode choice},
   month = {10},
   pages = {5755},
   publisher = {MDPI AG},
   title = {Individuals’ Demand for Ride-hailing Services: Investigating the Combined Effects of Attitudinal Factors, Land Use, and Travel Attributes on Demand for App-based Taxis in Tehran, Iran},
   volume = {11},
   url = {https://www.mdpi.com/2071-1050/11/20/5755},
   year = {2019},
}
@thesis{Ruvalo2020,
   author = {Maddy Ruvalo},
   doi = {10.17610/T6DK5J},
   institution = {University of California, Los Angeles},
   keywords = {Social and Behavioral Sciences},
   title = {Access Denied? Perceptions of New Mobility Services Among Disabled People in San Francisco},
   url = {https://escholarship.org/uc/item/6jv123qg},
   year = {2020},
}
@techreport{uta2020,
   city = {Salt Lake City},
   institution = {Utah Transit Authority},
   title = {Quarterly Microtransit Pilot Project Evaluation},
   url = {https://www.rideuta.com/-/media/Files/Services/Via/Final_UTA_microtransit_pilot_Q1_report.ashx?la=en},
   year = {2020},
}
@inproceedings{Graehler2019,
   author = {Michael Graehler and Richard Alexander Mucci and Gregory D. Erhardt},
   journal = {Transportation Research Board Annual Meeting},
   title = {Understanding the Recent Transit Ridership Decline in Major US Cities: Service Cuts or 1 Emerging Modes?},
   year = {2019},
}
@misc{utaboardings2020,
   author = {Utah Transit Authority},
   title = {UTA Route-Level Boardings, Monthly Counts},
   url = {https://data-rideuta.opendata.arcgis.com/datasets/rideuta::uta-route-level-boardings-monthly-counts/},
   year = {2020},
}
@article{Haglund2019,
   author = {Nils Haglund and Miloš N. Mladenović and Rainer Kujala and Christoffer Weckström and Jari Saramäki},
   doi = {10.1016/j.rtbm.2019.100390},
   issn = {22105395},
   journal = {Research in Transportation Business and Management},
   keywords = {Automated demand responsive transport,Mobility-as-a-service,Multimodal integration,Paratransit,Ridesharing,Ridesourcing,Transportation network company},
   month = {9},
   pages = {100390},
   publisher = {Elsevier Ltd},
   title = {Where did Kutsuplus drive us? Ex post evaluation of on-demand micro-transit pilot in the Helsinki capital region},
   volume = {32},
   year = {2019},
}
@article{alonso2018,
   author = {María J. Alonso-González and Theo Liu and Oded Cats and Niels Van Oort and Serge Hoogendoorn},
   doi = {10.1177/0361198118790842},
   issn = {21694052},
   issue = {8},
   journal = {Transportation Research Record},
   month = {12},
   pages = {879-889},
   publisher = {SAGE Publications Ltd},
   title = {The Potential of Demand-Responsive Transport as a Complement to Public Transport: An Assessment Framework and an Empirical Evaluation},
   volume = {2672},
   year = {2018},
}
@article{Ronald2017,
   author = {Nicole Ronald and Russell Thompson and Stephan Winter},
   doi = {10.1080/03081060.2017.1283159},
   issn = {10290354},
   issue = {3},
   journal = {Transportation Planning and Technology},
   keywords = {Demand-responsive transportation,feature analysis,simulation,software evaluation,transport modeling},
   month = {4},
   pages = {340-358},
   publisher = {Routledge},
   title = {Simulating ad-hoc demand-responsive transportation: a comparison of three approaches},
   volume = {40},
   year = {2017},
}
@article{Komanduri2018,
   author = {Anurag Komanduri and Zeina Wafa and Kimon Proussaloglou and Simon Jacobs},
   doi = {10.1177/0361198118796025},
   issn = {21694052},
   issue = {7},
   journal = {Transportation Research Record},
   month = {12},
   pages = {34-46},
   publisher = {SAGE Publications Ltd},
   title = {Assessing the Impact of App-Based Ride Share Systems in an Urban Context: Findings from Austin},
   volume = {2672},
   year = {2018},
}
@techreport{Mallett2018,
   author = {William J. Mallet},
   institution = {Congressional Research Service},
   title = {Trends in Public Transportation Ridership: Implications for Federal Policy},
   url = {https://fas.org/sgp/crs/misc/R45144.pdf},
   year = {2018},
}
@article{Wong2020,
   author = {Yale Z. Wong and David A. Hensher and Corinne Mulley},
   doi = {10.1016/j.tra.2019.09.030},
   issn = {09658564},
   journal = {Transportation Research Part A: Policy and Practice},
   keywords = {Broker/aggregator,Digital disruption,Government contracting,Mobility as a service (MaaS),Modal efficiency,Road pricing},
   month = {1},
   pages = {5-19},
   publisher = {Elsevier Ltd},
   title = {Mobility as a service (MaaS): Charting a future context},
   volume = {131},
   year = {2020},
}
@article{Frackelton2013,
   author = {Alexandra Frackelton and Alice Grossman and Evangelos Palinginis and Felipe Castrillon and Vetri Elango and Randall Guensler},
   doi = {10.5038/2164-0866.1.1.4},
   issue = {1},
   journal = {Suburban Sustainability},
   month = {4},
   publisher = {University of South Florida Libraries},
   title = {Measuring Walkability: Development of an Automated Sidewalk Quality Assessment Tool},
   volume = {1},
   year = {2013},
}
@article{Wenzel2019,
   author = {Tom Wenzel and Clement Rames and Eleftheria Kontou and Alejandro Henao},
   doi = {10.1016/j.trd.2019.03.005},
   issn = {13619209},
   journal = {Transportation Research Part D: Transport and Environment},
   keywords = {Fuel economy,Ride-hailing,RideAustin,Ridesourcing,TNC,Vehicle miles traveled},
   month = {5},
   pages = {18-34},
   publisher = {Elsevier Ltd},
   title = {Travel and energy implications of ridesourcing service in Austin, Texas},
   volume = {70},
   year = {2019},
}
@article{weckstrom2018,
   author = {Christoffer Weckström and Miloš N. Mladenović and Waqar Ullah and John D. Nelson and Moshe Givoni and Sebastian Bussman},
   doi = {10.1016/j.rtbm.2018.06.003},
   issn = {22105395},
   journal = {Research in Transportation Business and Management},
   keywords = {Automated demand responsive transport,Flexible micro transport service,Paratransit,Transportation network company,Urban mobility},
   month = {6},
   pages = {84-97},
   publisher = {Elsevier Ltd},
   title = {User perspectives on emerging mobility services: Ex post analysis of Kutsuplus pilot},
   volume = {27},
   year = {2018},
}
@misc{uta2020boardings,
   title = {UTA Route-Level Boardings, Monthly Counts},
   howpublished = {\url{https://data-rideuta.opendata.arcgis.com/datasets/rideuta::uta-route-level-boardings-monthly-counts/}},
   year = {2020},
   note = {Accessed: 2020-07-25}
}